@Article{review,
   Author="Grubman, M. J.  and Baxt, B. ",
   Title="{{F}oot-and-mouth disease}",
   Journal="Clin. Microbiol. Rev.",
   Year="2004",
   Volume="17",
   Number="2",
   Pages="465--493",
   Month="Apr"
}
@Article{Perez2001,
   Author="Perez, A. M.  and Konig, G.  and Spath, E.  and Thurmond, M. C. ",
   Title="{{V}ariation in the {V}{P}1 gene of foot-and-mouth disease virus serotype {A} associated with epidemiological characteristics of outbreaks in the 2001 epizootic in {A}rgentina}",
   Journal="J. Vet. Diagn. Invest.",
   Year="2008",
   Volume="20",
   Number="4",
   Pages="433--439",
   Month="Jul"
}
@Article{andean,
   Author="Malirat, V.  and Bergmann, I. E.  and Campos, R. d. e.  M.  and Salgado, G.  and Sanchez, C.  and Conde, F.  and Quiroga, J. L.  and Ortiz, S. ",
   Title="{{P}hylogenetic analysis of {F}oot-and-{M}outh {D}isease {V}irus type {O} circulating in the {A}ndean region of {S}outh {A}merica during 2002-2008}",
   journal="Vet. Microbiol.",
   Year="2011",
   Volume="152",
   Pages="74--87"
}
@Article{Malirat2007,
   Author="Malirat, V.  and de Barros, J. J.  and Bergmann, I. E.  and Campos, R. d. e.  M.  and Neitzert, E.  and da Costa, E. V.  and da Silva, E. E.  and Falczuk, A. J.  and Pinheiro, D. S.  and de Vergara, N.  and Cirvera, J. L.  and Maradei, E.  and Di Landro, R. ",
   Title="{{P}hylogenetic analysis of foot-and-mouth disease virus type {O} re-emerging in free areas of {S}outh {A}merica}",
   Journal="Virus Res.",
   Year="2007",
   Volume="124",
   Number="1-2",
   Pages="22--28",
   Month="Mar"
}
@Article{Malirat2011,
   Author="Malirat, V.  and Bergmann, I. E.  and Campos, R. d. e.  M.  and Salgado, G.  and Sanchez, C.  and Conde, F.  and Quiroga, J. L.  and Ortiz, S. ",
   Title="{{P}hylogenetic analysis of {F}oot-and-{M}outh {D}isease {V}irus type {O} circulating in the {A}ndean region of {S}outh {A}merica during 2002-2008}",
   Journal="Vet. Microbiol.",
   Year="2011",
   Volume="152",
   Number="1-2",
   Pages="74--87",
   Month="Aug"
}
@Article{Malirat2012,
   Author="Malirat, V.  and Bergmann, I. E.  and de Mendonca Campos, R.  and Conde, F.  and Quiroga, J. L.  and Villamil, M.  and Salgado, G.  and Ortiz, S. ",
   Title="{{M}olecular epidemiology of foot-and-mouth disease virus type {A} in {S}outh {A}merica}",
   Journal="Vet. Microbiol.",
   Year="2012",
   Volume="158",
   Number="1-2",
   Pages="82--94",
   Month="Jul"
}
@Article{Maradei2011,
   Author="Maradei, E.  and Perez Beascoechea, C.  and Malirat, V.  and Salgado, G.  and Seki, C.  and Pedemonte, A.  and Bonastre, P.  and D'Aloia, R.  and La Torre, J. L.  and Mattion, N.  and Rodriguez Toledo, J.  and Bergmann, I. E. ",
   Title="{{C}haracterization of foot-and-mouth disease virus from outbreaks in {E}cuador during 2009-2010 and cross-protection studies with the vaccine strain in use in the region}",
   journal="Vaccine",
   Year="2011",
   Volume="29",
   Pages="8230--8240"
}
@Article{Maradei2013,
   Author="Maradei, E.  and Malirat, V.  and Beascoechea, C. P.  and Benitez, E. O.  and Pedemonte, A.  and Seki, C.  and Novo, S. G.  and Balette, C. I.  and D'Aloia, R.  and La Torre, J. L.  and Mattion, N.  and Toledo, J. R.  and Bergmann, I. E. ",
   Title="{{C}haracterization of a type {O} foot-and-mouth disease virus re-emerging in the year 2011 in free areas of the {S}outhern {C}one of {S}outh {A}merica and cross-protection studies with the vaccine strain in use in the region}",
   Journal="Vet. Microbiol.",
   Year="2013",
   Volume="162",
   Number="2-4",
   Pages="479--490",
   Month="Mar"
}
@INCOLLECTION{Saraiva2003,
    Author = "Saraiva, V.",
    Title = "Epidemiology of {F}oot-and-mouth disease in {S}outh {A}merica",
    BOOKTITLE = "{F}oot and mouth disease: control strategies",
    EDITOR = "Dodet, B. and Vicari, M.",
    PUBLISHER = " Paris: Elsevier SAS",
    YEAR = "2003",
    PAGES = "43--54"
}
@Article{Saraiva2004,
   Author="Saraiva, V. ",
   Title="{{F}oot-and-mouth disease in the {A}mericas: epidemiology and ecologic changes affecting distribution}",
   Journal="Ann. N. Y. Acad. Sci.",
   Year="2004",
   Volume="1026",
   Pages="73--78",
   Month="Oct"
}
@Article{review_eradication,
   Author="Correa Melo, E.  and Saraiva, V.  and Astudillo, V. ",
   Title="{{R}eview of the status of foot and mouth disease in countries of {S}outh {A}merica and approaches to control and eradication}",
   Journal="Rev. - Off. Int. Epizoot.",
   Year="2002",
   Volume="21",
   Number="3",
   Pages="429--436",
   Month="Dec"
}
@Article{vaccinationSA,
   Author="Saraiva, V.  and Darsie, G. ",
   Title="{{T}he use of vaccines in {S}outh {A}merican foot-and-mouth disease eradication programmes}",
   Journal="Dev Biol (Basel)",
   Year="2004",
   Volume="119",
   Pages="33--40"
}
@Article{cottam2008,
   Author="Cottam, E. M.  and Thebaud, G.  and Wadsworth, J.  and Gloster, J.  and Mansley, L.  and Paton, D. J.  and King, D. P.  and Haydon, D. T. ",
   Title="{{I}ntegrating genetic and epidemiological data to determine transmission pathways of foot-and-mouth disease virus}",
   Journal="Proc. Biol. Sci.",
   Year="2008",
   Volume="275",
   Number="1637",
   Pages="887--895",
   Month="Apr"
}
@Article{topotypes,
   Author="Samuel, A. R.  and Knowles, N. J. ",
   Title="{{F}oot-and-mouth disease type {O} viruses exhibit genetically and geographically distinct evolutionary lineages (topotypes)}",
   Journal="J. Gen. Virol.",
   Year="2001",
   Volume="82",
   Number="Pt 3",
   Pages="609--621",
   Month="Mar"
}
@Article{diffA,
   Author="Garcia-Nunez, S.  and Konig, G.  and Berinstein, A.  and Carrillo, E. ",
   Title="{{D}ifferences in the virulence of two strains of {F}oot-and-{M}outh {D}isease {V}irus {S}erotype {A} with the same spatiotemporal distribution}",
   Journal="Virus Res.",
   Year="2010",
   Volume="147",
   Number="1",
   Pages="149--152",
   Month="Jan"
}
@Article{movement,
   Author="Schley, D.  and Gubbins, S.  and Paton, D. J. ",
   Title="{{Q}uantifying the risk of localised animal movement bans for foot-and-mouth disease}",
   Journal="PLoS ONE",
   Year="2009",
   Volume="4",
   Number="5",
   Pages="e5481"
}
@Article{combining,
   Author="Di Nardo, A.  and Knowles, N. J.  and Paton, D. J. ",
   Title="{{C}ombining livestock trade patterns with phylogenetics to help understand the spread of foot and mouth disease in sub-{S}aharan {A}frica, the {M}iddle {E}ast and {S}outheast {A}sia}",
   Journal="Rev. - Off. Int. Epizoot.",
   Year="2011",
   Volume="30",
   Number="1",
   Pages="63--85",
   Month="Apr"
}
@Article{grenfell,
   Author="Grenfell, B. T.  and Pybus, O. G.  and Gog, J. R.  and Wood, J. L.  and Daly, J. M.  and Mumford, J. A.  and Holmes, E. C. ",
   Title="{{U}nifying the epidemiological and evolutionary dynamics of pathogens}",
   Journal="Science",
   Year="2004",
   Volume="303",
   Number="5656",
   Pages="327--332",
   Month="Jan"
}
@Article{MEP,
   Author="Drummond, A.J. and Pybus, O.G. and Rambaut, A. and Forsberg, R. and Rodrigo, A. ",
   Title="{{M}easurably evolving populations}",
   Journal="Trends in Ecology \& Evolution",
   Year="2003",
   Volume="18",
   Pages="481-488"
}
@Article{Carvalho2012,
   Author="de Carvalho, L. M.  and Santos, L. B.  and Faria, N. R.  and de Castro Silveira, W. ",
   Title="{{P}hylogeography of foot-and-mouth disease virus serotype {O} in {E}cuador}",
   Journal="Infect. Genet. Evol.",
   Year="2013",
   Volume="13",
   Pages="76--88",
   Month="Jan"
}
@Article{phymal,
   Author="Abdul-Hamid, N. F.  and Hussein, N. M.  and Wadsworth, J.  and Radford, A. D.  and Knowles, N. J.  and King, D. P. ",
   Title="{{P}hylogeography of foot-and-mouth disease virus types {O} and {A} in {M}alaysia and surrounding countries}",
   journal="Infect. Genet. Evol.",
   Year="2011",
   Volume="11",
   Pages="320--328"
}
@Article{bulgaria,
   Author="Valdazo-Gonzalez, B.  and Polihronova, L.  and Alexandrov, T.  and Normann, P.  and Knowles, N. J.  and Hammond, J. M.  and Georgiev, G. K.  and Ozyoruk, F.  and Sumption, K. J.  and Belsham, G. J.  and King, D. P. ",
   Title="{{R}econstruction of the transmission history of {R}{N}{A} virus outbreaks using full genome sequences: foot-and-mouth disease virus in {B}ulgaria in 2011}",
   Journal="PLoS ONE",
   Year="2012",
   Volume="7",
   Number="11",
   Pages="e49650"
}
@Article{Faria2012,
   Author="Faria, N. R.  and Hodges-Mameletzis, I.  and Silva, J. C.  and Rodes, B.  and Erasmus, S.  and Paolucci, S.  and Ruelle, J.  and Pieniazek, D.  and Taveira, N.  and Trevino, A.  and Goncalves, M. F.  and Jallow, S.  and Xu, L.  and Camacho, R. J.  and Soriano, V.  and Goubau, P.  and de Sousa, J. D.  and Vandamme, A. M.  and Suchard, M. A.  and Lemey, P. ",
   Title="{{P}hylogeographical footprint of colonial history in the global dispersal of human immunodeficiency virus type 2 group {A}}",
   Journal="J. Gen. Virol.",
   Year="2012",
   Volume="93",
   Number="Pt 4",
   Pages="889--899",
   Month="Apr"
}
@Article{jmodel,
   Author="Darriba, D.  and Taboada, G. L.  and Doallo, R.  and Posada, D. ",
   Title="{j{M}odel{T}est 2: more models, new heuristics and parallel computing}",
   Journal="Nat. Methods",
   Year="2012",
   Volume="9",
   Number="8",
   Pages="772",
   Month="Aug"
}
@Article{roots,
   Author="Lemey, P.  and Rambaut, A.  and Drummond, A. J.  and Suchard, M. A. ",
   Title="{{B}ayesian phylogeography finds its roots}",
   journal="PLoS Comput. Biol.",
   Year="2009",
   Volume="5",
   Pages="e1000520"
}
@Article{BEAST,
   Author="Drummond, A. J.  and Rambaut, A. ",
   Title="{{B}{E}{A}{S}{T}: {B}ayesian evolutionary analysis by sampling trees}",
   Journal="BMC Evol. Biol.",
   Year="2007",
   Volume="7",
   Pages="214"
}
@Article{beagle,
   Author="Ayres, D. L.  and Darling, A.  and Zwickl, D. J.  and Beerli, P.  and Holder, M. T.  and Lewis, P. O.  and Huelsenbeck, J. P.  and Ronquist, F.  and Swofford, D. L.  and Cummings, M. P.  and Rambaut, A.  and Suchard, M. A. ",
   Title="{{B}{E}{A}{G}{L}{E}: an application programming interface and high-performance computing library for statistical phylogenetics}",
   Journal="Syst. Biol.",
   Year="2012",
   Volume="61",
   Number="1",
   Pages="170--173",
   Month="Jan"
}
@Article{skygrid,
   Author="Gill, M. S.  and Lemey, P.  and Faria, N. R.  and Rambaut, A.  and Shapiro, B.  and Suchard, M. A. ",
   Title="{{I}mproving {B}ayesian {P}opulation {D}ynamics {I}nference: {A} {C}oalescent-{B}ased {M}odel for {M}ultiple {L}oci}",
   Journal="Mol. Biol. Evol.",
   Year="2012",
   Pages=" ",
   Month="Dec"
}
@Article{Baele2012,
   Author="Baele, G.  and Lemey, P.  and Bedford, T.  and Rambaut, A.  and Suchard, M. A.  and Alekseyenko, A. V. ",
   Title="{{I}mproving the accuracy of demographic and molecular clock model comparison while accommodating phylogenetic uncertainty}",
   Journal="Mol. Biol. Evol.",
   Year="2012",
   Volume="29",
   Number="9",
   Pages="2157--2167",
   Month="Sep"
}
@article{Baele2013a,
	author = {G. Baele and W. L. S. Li and A. J. Drummond and M. A. Suchard and P. Lemey},
	title = {{A}ccurate model selection of relaxed molecular clocks in Bayesian phylogenetics},
	journal = {Mol. Biol. Evol.},
	year = {2013},
	volume = "30",
	number= "2",
	pages = "239--243"
}
@article{Baele2013b,
	author = {G. Baele and P. Lemey},
	title = {Bayesian evolutionary model testing in the phylogenomics era: matching model complexity with computational efficiency},
	journal = {Bioinformatics},
	year = {2013},
	volume = {In press}
}
@article{LartillotPhilippe,
	author = "N. Lartillot and H. Philippe",
	title = "Computing {B}ayes factors using thermodynamic integration.",
	year = "2006",
	journal = "Syst. Biol.",
	volume = "55",
	number = "2",
	pages = "195--207"
}
@article{Xie,
	author = "W. Xie and P. O. Lewis and Y. Fan and L. Kuo and M. H. Chen",
	title = "Improving marginal likelihood estimation for {B}ayesian phylogenetic model selection.",
	year = "2011",
	journal = "Syst. Biol.",
	volume = "60",
	number = "2",
	pages = "150--160"
}
@Article{Minin2008,
   Author="Minin, V. N.  and Suchard, M. A. ",
   Title="{{C}ounting labeled transitions in continuous-time {M}arkov models of evolution}",
   Journal="J Math Biol",
   Year="2008",
   Volume="56",
   Number="3",
   Pages="391--412",
   Month="Mar"
}
@Article{zoonotic,
   Author="Talbi, C.  and Lemey, P.  and Suchard, M. A.  and Abdelatif, E.  and Elharrak, M.  and Nourlil, J.  and Jalal, N.  and Faouzi, A.  and Echevarria, J. E.  and Vazquez Moron, S.  and Rambaut, A.  and Campiz, N.  and Tatem, A. J.  and Holmes, E. C.  and Bourhy, H. ",
   Title="{{P}hylodynamics and human-mediated dispersal of a zoonotic virus}",
   Journal="PLoS Pathog.",
   Year="2010",
   Volume="6",
   Number="10",
   Pages="e1001166"
}
@Article{spread,
   Author="Bielejec, F.  and Rambaut, A.  and Suchard, M. A.  and Lemey, P. ",
   Title="{{S}{P}{R}{E}{A}{D}: spatial phylogenetic reconstruction of evolutionary dynamics}",
   journal="Bioinformatics",
   Year="2011",
   Volume="27",
   Pages="2910--2912"
}
@Article{Suchard2001,
   Author="Suchard, M. A.  and Weiss, R. E.  and Sinsheimer, J. S. ",
   Title="{{B}ayesian selection of continuous-time {M}arkov chain evolutionary models}",
   Journal="Mol. Biol. Evol.",
   Year="2001",
   Volume="18",
   Number="6",
   Pages="1001--1013",
   Month="Jun"
}
@Article{KassRaftery1995,
   Author="Kass, R.E. and Raftery, A.E. ",
   Title="{{B}ayes {F}actors}",
   Journal="J. Amer. Statist. Assoc.",
   Year="1995",
   Volume="90",
   Number="430",
   Pages="773-795",
   Month="Jun"
}
@Article{bats,
   Author="Parker, J.  and Rambaut, A.  and Pybus, O. G. ",
   Title="{{C}orrelating viral phenotypes with phylogeny: accounting for phylogenetic uncertainty}",
   Journal="Infect. Genet. Evol.",
   Year="2008",
   Volume="8",
   Number="3",
   Pages="239--246",
   Month="May"
}
@Article{Lemey2013,
   Author="Lemey, P. and Rambaut, A. and Bedford, T. and Faria, N. and Bielejec, F. and Baele, G. and Russell, C.A .and Smith, D. and Pybus, O.G. and Brockmann, D.  and Suchard, M.A.",
   Title="{T}he seasonal flight of influenza: a unified framework for spatiotemporal hypothesis testing",
   Journal="arXiv Preprint",
   Year="2013",
   Volume="",
   Number="",
   Pages="",
   Month=""
}
@Article{KL,
   Author="Kullback, S. and Leibler, R. ",
   Title="{{O}n information and sufficiency}",
   journal="Annals of Mathematical Statistics",
   Year="1951",
   Volume="22",
   number="1",
   Pages="79--86"
}
@Article{towards,
   Author="Faria, N. R.  and Suchard, M. A.  and Rambaut, A.  and Lemey, P. ",
   Title="{{T}oward a quantitative understanding of viral phylogeography}",
   journal="Curr Opin Virol",
   Year="2011",
   Volume="1",
   number="5",
   Pages="423--429"
}