@article{Faria2012,
	Author = {Faria, N. R. and Hodges-Mameletzis, I. and Silva, J. C. and Rodes, B. and Erasmus, S. and Paolucci, S. and Ruelle, J. and Pieniazek, D. and Taveira, N. and Trevino, A. and Goncalves, M. F. and Jallow, S. and Xu, L. and Camacho, R. J. and Soriano, V. and Goubau, P. and de Sousa, J. D. and Vandamme, A. M. and Suchard, M. A. and Lemey, P.},
	Journal = {J. Gen. Virol.},
	Month = {Apr},
	Number = {Pt 4},
	Pages = {889--899},
	Title = {{{P}hylogeographical footprint of colonial history in the global dispersal of human immunodeficiency virus type 2 group {A}}},
	Volume = {93},
	Year = {2012}}
@article{Lemey2013,
	Author = {Lemey, P. and Rambaut, A. and Bedford, T. and Faria, N. and Bielejec, F. and Baele, G. and Russell, C.A .and Smith, D. and Pybus, O.G. and Brockmann, D. and Suchard, M.A.},
	Journal = {arXiv Preprint},
	Title = {{T}he seasonal flight of influenza: a unified framework for spatiotemporal hypothesis testing},
	Year = {2013}}
@article{polar,
   Author="Edwards, C. J.  and Suchard, M. A.  and Lemey, P.  and Welch, J. J.  and Barnes, I.  and Fulton, T. L.  and Barnett, R.  and O'Connell, T. C.  and Coxon, P.  and Monaghan, N.  and Valdiosera, C. E.  and Lorenzen, E. D.  and Willerslev, E.  and Baryshnikov, G. F.  and Rambaut, A.  and Thomas, M. G.  and Bradley, D. G.  and Shapiro, B. ",
   Title="{{A}ncient hybridization and an {I}rish origin for the modern polar bear matriline}",
   Journal="Curr. Biol.",
   Year="2011",
   Volume="21",
   Number="15",
   Pages="1251--1258",
   Month="Aug"
}
@article{KL,
	Author = {Kullback, S. and Leibler, R.},
	Journal = {Annals of Mathematical Statistics},
	Number = {1},
	Pages = {79--86},
	Title = {{{O}n information and sufficiency}},
	Volume = {22},
	Year = {1951}}
@article{fluPNAS,
   Author="Bahl, J.  and Nelson, M. I.  and Chan, K. H.  and Chen, R.  and Vijaykrishna, D.  and Halpin, R. A.  and Stockwell, T. B.  and Lin, X.  and Wentworth, D. E.  and Ghedin, E.  and Guan, Y.  and Peiris, J. S.  and Riley, S.  and Rambaut, A.  and Holmes, E. C.  and Smith, G. J. ",
   Title="{{T}emporally structured metapopulation dynamics and persistence of influenza {A} {H}3{N}2 virus in humans}",
   Journal="Proc. Natl. Acad. Sci. U.S.A.",
   Year="2011",
   Volume="108",
   Number="48",
   Pages="19359--19364",
   Month="Nov"
}
