@article{Newton,
	author = "M. A. Newton and A. E. Raftery",
	title = "Approximating {B}ayesian inference with the weigthed likelihood bootstrap. ",
	year = "1994",
	journal = "J. R. Stat. Soc. B",
	volume = "56",
	number = "1",
	pages = "3--48"
}
@Manual{PET,
    title = {PET: Simulation and Reconstruction of PET Images},
    author = {J. S. P. Toft and J. J. Jensen and P. Philipsen},
    year = {2010},
    note = {R package version 0.4.9},
    url = {http://CRAN.R-project.org/package=PET},
  }
